@misc{docker, title={Docker: Containerised environment to run software.}, url={https://www.docker.com/}, howpublished={\url{https://www.docker.com/}}, journal={Docker}, year={2022}, month={Sep}} 
@misc{rabbitmq, title={RabbitMQ: A messaging system for distributed applications}, url={https://www.rabbitmq.com/}, howpublished={\url{https://www.rabbitmq.com/}}, journal={RabbitMQ}, year={2022}, month={Sep}} 
@book{kleppmann_2021, place={Sebastopol, CA}, title={Designing data-intensive applications: The big ideas behind reliable, scalable, and maintainable systems}, publisher={O'Reilly}, author={Kleppmann, Martin}, year={2021}} 
