@book{kleppmann_2021, place={Sebastopol, CA}, title={Designing data-intensive applications: The big ideas behind reliable, scalable, and maintainable systems}, publisher={O'Reilly}, author={Kleppmann, Martin}, year={2021}} 
@inbook{newman_2016, place={Beijing}, title={1. Microservices}, booktitle={Building microservices: Designing fine-grained systems}, publisher={O'Reilly}, author={Newman, Sam}, year={2016}} 
@misc{docker, title={Docker: Containerised environment to run software.}, url={https://www.docker.com/}, howpublished={\url{https://www.docker.com/}}, journal={Docker}, year={2022}, month={Sep}} 
@misc{golang,
  title={Golang: Statically typed compiled language},
  url={https://go.dev/},
  howpublished={\url{https://go.dev/}},
  year={2022},
  month={Oct}
}
@misc{kvm, title={KVM: Kernel Virtual Machine}, url={https://www.linux-kvm.org/page/Main_Page}, howpublished={\url{https://www.linux-kvm.org/page/Main_Page}}, year={2022}, month={Nov}}

@misc{kubernetes, title={Kubernetes: Production-Grade Container Orchestration}, url={https://kubernetes.io/}, howpublished={\url{https://kubernetes.io/}}, year={2022}, month={Nov}}

@misc{docker_swarm, title={Docker Swarm}, url={https://docs.docker.com/engine/swarm/}, howpublished={\url{https://docs.docker.com/engine/swarm/}}, year={2022}, month={Nov}}

@misc{typescript, title={Typescript: JavaScript with syntax for types}, url={https://www.typescriptlang.org/}, howpublished={\url{https://www.typescriptlang.org/}}, year={2022}, month={Nov}}

@misc{react, title={React: A JavaScript library for building user interfaces}, url={https://reactjs.org/}, howpublished={\url{https://reactjs.org/}}, year={2022}, month={Nov}}

@misc{solid, title={Solid: Simple and performant reactivity for building user interfaces}, url={https://www.solidjs.com/}, howpublished={\url{https://www.solidjs.com/}}, year={2022}, month={Nov}}

@misc{webpack, title={Webpack: Bundle your code}, url={https://webpack.js.org/}, howpublished={\url{https://webpack.js.org}}, year={2022}, month={Nov}}

@misc{vite, title={Vite: Next generation frontend tooling}, url={https://vitejs.dev/}, howpublished={\url{https://vitejs.dev/}}, year={2022}, month={Nov}}

@misc{esbuild, title={Esbuild: An extremely fast JavaScript bundler}, url={https://esbuild.github.io/}, howpublished={\url{https://esbuild.github.io/}}, year={2022}, month={Nov}}

@article{docker_performance,
  title={An introduction to docker and analysis of its performance},
  author={Rad, Babak Bashari and Bhatti, Harrison John and Ahmadi, Mohammad},
  journal={International Journal of Computer Science and Network Security (IJCSNS)},
  volume={17},
  number={3},
  pages={228},
  year={2017},
  publisher={International Journal of Computer Science and Network Security}
}

@article{postgres_vs_mysql,
author={Andjelic, Svetlana and Obradovic, Slobodan and Gacesa, Branislav},
year = {2008},
month = {12},
pages = {53-57},
title = {A performance analysis of the DBMS - MySQL vs PostgreSQL},
volume = {10},
journal = {Communications - Scientific letters of the University of Zilina},
doi = {10.26552/com.C.2008.4.53-57}
}

@inproceedings{mongo_vs_postgres,
  title={Performance Evaluation of MongoDB and PostgreSQL for Spatio-temporal Data.},
  author={Makris, Antonios and Tserpes, Konstantinos and Spiliopoulos, Giannis and Anagnostopoulos, Dimosthenis},
  booktitle={EDBT/ICDT Workshops},
  year={2019}
}


@book{relational_vs_document, place={Sebastopol, CA}, title={Designing data-intensive applications: The big ideas behind reliable, scalable, and maintainable systems} chapter={Relational Model Versus Document Model}, publisher={O'Reilly}, author={Kleppmann, Martin}, year={2021}} 

@misc{mongodb, title={MongoDb: A JSON document database}, url={https://www.mongodb.com/}, howpublished={\url{https://www.mongodb.com/}}, year={2022}, month={Nov}}

@misc{redis, title={Redis: Open-source, in-memory database}, url={https://redis.io/}, howpublished={\url{https://redis.io/}}, year={2022}, month={Nov}}

@misc{todoist, title={Todoist: Organise your work and life}, url={https://todoist.com/}, howpublished={\url{https://todoist.com/}}, year={2022}, month={Nov}}

@book{gtd, address={London, England}, title={Getting things done: The art of stress-free productivity. A system of productivity I can use within this project}, ISBN={9780349408941}, publisher={Piatkus Books}, author={Allen, David}, year={2002} }

@misc{solid_testing, title={SolidJS Testing Library}, url={https://github.com/solidjs/solid-testing-library}, howpublished={\url{https://github.com/solidjs/solid-testing-library}}, year={2022}, month={Nov}}
  
@misc{jest, title={Jest: Javascript Testing Framework}, url={https://jestjs.io/}, howpublished={\url{https://jestjs.io/}}, year={2022}, month={Nov}}

@misc{rabbitmq, title={RabbitMQ: A messaging system for distributed applications}, url={https://www.rabbitmq.com/}, howpublished={\url{https://www.rabbitmq.com/}}, journal={RabbitMQ}, year={2022}, month={Sep}} 

@misc{cypress, title={Cypress: Javascript End-to-End Testing Framework}, url={https://www.cypress.io/}, howpublished={\url{https://www.cypress.io/}}, year={2022}, month={Nov}}
